<record><leader>00000cas a22000007a 4500</leader><controlfield tag="001">13318384</controlfield><controlfield tag="008">860320d18831893nyuwr n       0    0eng d</controlfield><datafield ind1=" " ind2=" " tag="010"><subfield code="a">sn 86034963 </subfield></datafield><datafield ind1=" " ind2=" " tag="040"><subfield code="a">NYG</subfield><subfield code="b">eng</subfield><subfield code="c">NYG</subfield><subfield code="d">NYS</subfield><subfield code="d">OCLCQ</subfield></datafield><datafield ind1=" " ind2=" " tag="042"><subfield code="a">msc</subfield></datafield><datafield ind1="0" ind2="0" tag="245"><subfield code="a">Oneida Saturday post.</subfield></datafield><datafield ind1=" " ind2=" " tag="260"><subfield code="a">Oneida, N.Y. :</subfield><subfield code="b">Post Pub. Co.,</subfield><subfield code="c">1883-1893.</subfield></datafield><datafield ind1=" " ind2=" " tag="300"><subfield code="a">10 v.</subfield></datafield><datafield ind1=" " ind2=" " tag="310"><subfield code="a">Weekly</subfield></datafield><datafield ind1="0" ind2=" " tag="362"><subfield code="a">Vol. 1, no. 1 (Dec. 15, 1883)-v. 10, no. 14 (Apr. 1, 1893).</subfield></datafield><datafield ind1=" " ind2=" " tag="500"><subfield code="a">"A journal of to-day."</subfield></datafield><datafield ind1=" " ind2=" " tag="500"><subfield code="a">Published every Saturday.</subfield></datafield><datafield ind1=" " ind2=" " tag="500"><subfield code="a">Published later by: Hugh Parker.</subfield></datafield><datafield ind1=" " ind2="4" tag="651"><subfield code="a">Oneida (N.Y.)</subfield><subfield code="v">Newspapers.</subfield></datafield><datafield ind1=" " ind2=" " tag="752"><subfield code="a">United States</subfield><subfield code="b">New York</subfield><subfield code="c">Madison</subfield><subfield code="d">Oneida.</subfield></datafield><datafield ind1="0" ind2="0" tag="785"><subfield code="t">Oneida post</subfield><subfield code="w">(DLC)sn 87070086</subfield></datafield><datafield ind1="1" ind2=" " tag="029"><subfield code="a">AU@</subfield><subfield code="b">000025806927</subfield></datafield></record>